%% This BibTeX bibliography file was created using BibDesk.
%% http://bibdesk.sourceforge.net/


%% Created for Edouard KLEIN at 2016-02-01 00:01:38 +0100 


%% Saved with string encoding Unicode (UTF-8) 



@misc{plumber,
	Author = {Rob Pike},
	Date-Added = {2016-01-31 22:37:31 +0000},
	Date-Modified = {2016-01-31 23:01:38 +0000},
	Howpublished = {\url{http://doc.cat-v.org/plan_9/4th_edition/papers/plumb}},
	Title = {Plumbing and Other Utilities}}

@misc{ipfs,
	Author = {Juan Benet},
	Date-Added = {2016-01-31 22:20:56 +0000},
	Date-Modified = {2016-01-31 22:21:21 +0000},
	Howpublished = {\url{https://github.com/ipfs/papers/raw/master/ipfs-cap2pfs/ipfs-p2p-file-system.pdf}},
	Title = {IPFS - Content Addressed, Versioned, P2P File System}}

@misc{fossil,
	Author = {Sean Quinlan and Jim McKien and Russ Cox},
	Date-Added = {2016-01-31 22:15:14 +0000},
	Date-Modified = {2016-01-31 22:16:46 +0000},
	Howpublished = {\url{http://doc.cat-v.org/plan_9/4th_edition/papers/fossil/}},
	Journal = {Plan 9 4th Edition},
	Title = {Fossil, an Archival File Server}}

@article{petri74,
	Author = {Agerwala, T},
	Date-Added = {2016-01-31 10:36:47 +0000},
	Date-Modified = {2016-01-31 10:37:37 +0000},
	Journal = {Proceedings of the First Annual Symposium on Computer Architecture},
	Title = {A complete model for representing the coordination of asynchronous processes},
	Year = {1974}}

@article{petrituring,
	Author = {A. Javan and M. Akhavan and A. Moeini},
	Date-Added = {2016-01-31 10:30:51 +0000},
	Date-Modified = {2016-01-31 17:32:51 +0000},
	Journal = {International Journal on Recent Trends in Engineering and Technology},
	Month = {July},
	Title = {Simulating Turing Machines Using Colored Petri Nets with Priority Transitions},
	Year = {2013}}

@misc{petrinetsintro,
	Author = {Wil van der Aalst},
	Date-Added = {2016-01-31 10:24:04 +0000},
	Date-Modified = {2016-01-31 10:24:53 +0000},
	Howpublished = {\url{http://cpntools.org/_media/book/classicalpn.pdf}},
	Title = {Classical Petri nets: The basic model}}

@misc{ffmpeg,
	Date-Added = {2016-01-30 20:48:04 +0000},
	Date-Modified = {2016-01-30 20:58:53 +0000},
	Howpublished = {\url{https://ffmpeg.org/ffmpeg-all.html#pipe}},
	Title = {Pipe section of the ffmpeg Documentation}}

@misc{audio,
	Date-Added = {2016-01-30 20:47:05 +0000},
	Date-Modified = {2016-01-30 20:58:43 +0000},
	Howpublished = {\url{https://www.debian-administration.org/article/145/use_and_abuse_of_pipes_with_audio_data}},
	Title = {Use and abuse of pipes with audio data}}

@misc{ping,
	Author = {Mike Muuss},
	Date-Added = {2016-01-30 20:43:01 +0000},
	Date-Modified = {2016-01-30 20:59:25 +0000},
	Howpublished = {\url{http://ftp.arl.army.mil/~mike/}},
	Title = {The Story of the PING Program }}

@article{ddos,
	Author = {Greg Bledsoe},
	Date-Added = {2016-01-30 20:41:39 +0000},
	Date-Modified = {2016-01-30 20:42:38 +0000},
	Journal = {Linux Journal},
	Month = {March},
	Title = {Back from the Dead: Simple Bash for complex DdoS},
	Url = {http://www.linuxjournal.com/content/back-dead-simple-bash-complex-ddos},
	Year = {2011}}

@article{ritchie1984,
	Author = {Dennis M. Ritchie},
	Date-Added = {2016-01-30 20:32:22 +0000},
	Date-Modified = {2016-01-30 20:58:37 +0000},
	Journal = {AT\&T Bell Laboratories Technical Journal},
	Month = {October},
	Pages = {1577-93},
	Title = {The Evolution of the UNIX Time-sharing System},
	Url = {https://www.bell-labs.com/usr/dmr/www/hist.html#pipes},
	Year = {1984}}

@misc{climagic,
	Date-Added = {2016-01-30 20:20:08 +0000},
	Date-Modified = {2016-01-30 20:57:05 +0000},
	Howpublished = {\url{https://twitter.com/climagic}},
	Title = {Command Line Magic (@climagic)}}

@misc{commandlinefucom,
	Author = {David Winterbottom },
	Date-Added = {2016-01-30 20:17:46 +0000},
	Date-Modified = {2016-01-30 20:56:51 +0000},
	Howpublished = {\url{http://www.commandlinefu.com/commands/browse}},
	Title = {commandlinefu.com}}
